@ARTICLE{Kremer2017,
       author = {{Kremer}, Kyle and {Breivik}, Katelyn and {Larson}, Shane L. and {Kalogera}, Vassiliki},
        title = "{Accreting Double White Dwarf Binaries: Implications for LISA}",
      journal = {\apj},
     keywords = {accretion, accretion disks, binaries: general, celestial mechanics, gravitational waves, stars: mass-loss, Astrophysics - High Energy Astrophysical Phenomena, Astrophysics - Solar and Stellar Astrophysics},
         year = 2017,
        month = sep,
       volume = {846},
       number = {2},
          eid = {95},
        pages = {95},
          doi = {10.3847/1538-4357/aa8557},
archivePrefix = {arXiv},
       eprint = {1707.01104},
 primaryClass = {astro-ph.HE},
       adsurl = {https://ui.adsabs.harvard.edu/abs/2017ApJ...846...95K},
      adsnote = {Provided by the SAO/NASA Astrophysics Data System}
}

@ARTICLE{Nelemans2004,
       author = {{Nelemans}, G. and {Yungelson}, L.~R. and {Portegies Zwart}, S.~F.},
        title = "{Short-period AM CVn systems as optical, X-ray and gravitational-wave sources}",
      journal = {\mnras},
     keywords = {gravitational waves, binaries: close, white dwarfs, Astrophysics},
         year = 2004,
        month = mar,
       volume = {349},
       number = {1},
        pages = {181-192},
          doi = {10.1111/j.1365-2966.2004.07479.x},
archivePrefix = {arXiv},
       eprint = {astro-ph/0312193},
 primaryClass = {astro-ph},
       adsurl = {https://ui.adsabs.harvard.edu/abs/2004MNRAS.349..181N},
      adsnote = {Provided by the SAO/NASA Astrophysics Data System}
}



@ARTICLE{Breivik2018,
       author = {{Breivik}, Katelyn and {Kremer}, Kyle and {Bueno}, Michael and {Larson}, Shane L. and {Coughlin}, Scott and {Kalogera}, Vassiliki},
        title = "{Characterizing Accreting Double White Dwarf Binaries with the Laser Interferometer Space Antenna and Gaia}",
      journal = {\apjl},
     keywords = {accretion, accretion disks, astrometry, binaries: close, gravitational waves, methods: numerical, white dwarfs, Astrophysics - Solar and Stellar Astrophysics, Astrophysics - High Energy Astrophysical Phenomena, General Relativity and Quantum Cosmology},
         year = 2018,
        month = feb,
       volume = {854},
       number = {1},
          eid = {L1},
        pages = {L1},
          doi = {10.3847/2041-8213/aaaa23},
archivePrefix = {arXiv},
       eprint = {1710.08370},
 primaryClass = {astro-ph.SR},
       adsurl = {https://ui.adsabs.harvard.edu/abs/2018ApJ...854L...1B},
      adsnote = {Provided by the SAO/NASA Astrophysics Data System}
}



@ARTICLE{Robson2019,
       author = {{Robson}, Travis and {Cornish}, Neil J. and {Liu}, Chang},
        title = "{The construction and use of LISA sensitivity curves}",
      journal = {Classical and Quantum Gravity},
     keywords = {Astrophysics - High Energy Astrophysical Phenomena, General Relativity and Quantum Cosmology},
         year = 2019,
        month = may,
       volume = {36},
       number = {10},
          eid = {105011},
        pages = {105011},
          doi = {10.1088/1361-6382/ab1101},
archivePrefix = {arXiv},
       eprint = {1803.01944},
 primaryClass = {astro-ph.HE},
       adsurl = {https://ui.adsabs.harvard.edu/abs/2019CQGra..36j5011R},
      adsnote = {Provided by the SAO/NASA Astrophysics Data System}
}

@software{ldasoft,
  author       = {Littenberg, Tyson and
                  Cornish, Neil and
                  Lackeos, Kristen and
                  Robson, Travis},
  title        = {tlittenberg/ldasoft: GBMCMC v1.0.1},
  month        = apr,
  year         = 2020,
  publisher    = {Zenodo},
  version      = {1.0.1},
  doi          = {10.5281/zenodo.3756199},
  url          = {https://doi.org/10.5281/zenodo.3756199}
}

@ARTICLE{Peters1964,
       author = {{Peters}, P.~C.},
        title = "{Gravitational Radiation and the Motion of Two Point Masses}",
      journal = {Physical Review},
         year = 1964,
        month = nov,
       volume = {136},
       number = {4B},
        pages = {1224-1232},
          doi = {10.1103/PhysRev.136.B1224},
       adsurl = {https://ui.adsabs.harvard.edu/abs/1964PhRv..136.1224P},
      adsnote = {Provided by the SAO/NASA Astrophysics Data System}
}

@ARTICLE{Rappaport1983,
       author = {{Rappaport}, S. and {Verbunt}, F. and {Joss}, P.~C.},
        title = "{A new technique for calculations of binary stellar evolution application to magnetic braking.}",
      journal = {\apj},
     keywords = {Binary Stars, Stellar Evolution, Stellar Magnetic Fields, Stellar Systems, Computer Programs, Polytropic Processes, Stellar Mass Ejection, Stellar Models, Astrophysics},
         year = 1983,
        month = dec,
       volume = {275},
        pages = {713-731},
          doi = {10.1086/161569},
       adsurl = {https://ui.adsabs.harvard.edu/abs/1983ApJ...275..713R},
      adsnote = {Provided by the SAO/NASA Astrophysics Data System}
}

@ARTICLE{Verbunt1981,
       author = {{Verbunt}, F. and {Zwaan}, C.},
        title = "{Magnetic braking in low-mass X-ray binaries.}",
      journal = {\aap},
     keywords = {Binary Stars, Stellar Magnetic Fields, Stellar Mass Accretion, Stellar Rotation, X Ray Binaries, X Ray Sources, Angular Momentum, Gravitational Effects, Gravitational Waves, Magnetic Effects, Main Sequence Stars, Mass Transfer, Spin Reduction, Stellar Temperature, Stellar Winds, Astrophysics},
         year = 1981,
        month = jul,
       volume = {100},
        pages = {L7-L9},
       adsurl = {https://ui.adsabs.harvard.edu/abs/1981A&A...100L...7V},
      adsnote = {Provided by the SAO/NASA Astrophysics Data System}
}

@ARTICLE{Bartolo2016,
       author = {{Bartolo}, Nicola and {Caprini}, Chiara and {Domcke}, Valerie and {Figueroa}, Daniel G. and {Garcia-Bellido}, Juan and {Chiara Guzzetti}, Maria and {Liguori}, Michele and {Matarrese}, Sabino and {Peloso}, Marco and {Petiteau}, Antoine and {Ricciardone}, Angelo and {Sakellariadou}, Mairi and {Sorbo}, Lorenzo and {Tasinato}, Gianmassimo},
        title = "{Science with the space-based interferometer LISA. IV: probing inflation with gravitational waves}",
      journal = {\jcap},
     keywords = {Astrophysics - Cosmology and Nongalactic Astrophysics, General Relativity and Quantum Cosmology, High Energy Physics - Phenomenology},
         year = 2016,
        month = dec,
       volume = {2016},
       number = {12},
          eid = {026},
        pages = {026},
          doi = {10.1088/1475-7516/2016/12/026},
archivePrefix = {arXiv},
       eprint = {1610.06481},
 primaryClass = {astro-ph.CO},
       adsurl = {https://ui.adsabs.harvard.edu/abs/2016JCAP...12..026B},
      adsnote = {Provided by the SAO/NASA Astrophysics Data System}
}

@ARTICLE{Caprini2016,
       author = {{Caprini}, Chiara and {Hindmarsh}, Mark and {Huber}, Stephan and {Konstandin}, Thomas and {Kozaczuk}, Jonathan and {Nardini}, Germano and {No}, Jose Miguel and {Petiteau}, Antoine and {Schwaller}, Pedro and {Servant}, G{\'e}raldine and {Weir}, David J.},
        title = "{Science with the space-based interferometer eLISA. II: gravitational waves from cosmological phase transitions}",
      journal = {\jcap},
     keywords = {Astrophysics - Cosmology and Nongalactic Astrophysics, General Relativity and Quantum Cosmology, High Energy Physics - Phenomenology},
         year = 2016,
        month = apr,
       volume = {2016},
       number = {4},
          eid = {001},
        pages = {001},
          doi = {10.1088/1475-7516/2016/04/001},
archivePrefix = {arXiv},
       eprint = {1512.06239},
 primaryClass = {astro-ph.CO},
       adsurl = {https://ui.adsabs.harvard.edu/abs/2016JCAP...04..001C},
      adsnote = {Provided by the SAO/NASA Astrophysics Data System}
}


@ARTICLE{Barack2007,
       author = {{Barack}, Leor and {Cutler}, Curt},
        title = "{Using LISA extreme-mass-ratio inspiral sources to test off-Kerr deviations in the geometry of massive black holes}",
      journal = {\prd},
     keywords = {04.80.Nn, 04.25.Nx, 04.30.Db, 04.80.Cc, Gravitational wave detectors and experiments, Post-Newtonian approximation, perturbation theory, related approximations, Wave generation and sources, Experimental tests of gravitational theories, General Relativity and Quantum Cosmology, Astrophysics},
         year = 2007,
        month = feb,
       volume = {75},
       number = {4},
          eid = {042003},
        pages = {042003},
          doi = {10.1103/PhysRevD.75.042003},
archivePrefix = {arXiv},
       eprint = {gr-qc/0612029},
 primaryClass = {gr-qc},
       adsurl = {https://ui.adsabs.harvard.edu/abs/2007PhRvD..75d2003B},
      adsnote = {Provided by the SAO/NASA Astrophysics Data System}
}

@ARTICLE{Berti2006,
       author = {{Berti}, Emanuele and {Cardoso}, Vitor and {Will}, Clifford M.},
        title = "{Gravitational-wave spectroscopy of massive black holes with the space interferometer LISA}",
      journal = {\prd},
     keywords = {04.70.-s, 04.30.Db, 04.80.Cc, 04.80.Nn, Physics of black holes, Wave generation and sources, Experimental tests of gravitational theories, Gravitational wave detectors and experiments, General Relativity and Quantum Cosmology, Astrophysics, High Energy Physics - Theory},
         year = 2006,
        month = mar,
       volume = {73},
       number = {6},
          eid = {064030},
        pages = {064030},
          doi = {10.1103/PhysRevD.73.064030},
archivePrefix = {arXiv},
       eprint = {gr-qc/0512160},
 primaryClass = {gr-qc},
       adsurl = {https://ui.adsabs.harvard.edu/abs/2006PhRvD..73f4030B},
      adsnote = {Provided by the SAO/NASA Astrophysics Data System}
}



@ARTICLE{Bellovary2019,
       author = {{Bellovary}, Jillian M. and {Cleary}, Colleen E. and {Munshi}, Ferah and {Tremmel}, Michael and {Christensen}, Charlotte R. and {Brooks}, Alyson and {Quinn}, Thomas R.},
        title = "{Multimessenger signatures of massive black holes in dwarf galaxies}",
      journal = {\mnras},
     keywords = {black hole physics, gravitational waves, galaxies: dwarf, Astrophysics - Astrophysics of Galaxies, Astrophysics - High Energy Astrophysical Phenomena},
         year = 2019,
        month = jan,
       volume = {482},
       number = {3},
        pages = {2913-2923},
          doi = {10.1093/mnras/sty2842},
archivePrefix = {arXiv},
       eprint = {1806.00471},
 primaryClass = {astro-ph.GA},
       adsurl = {https://ui.adsabs.harvard.edu/abs/2019MNRAS.482.2913B},
      adsnote = {Provided by the SAO/NASA Astrophysics Data System}
}

@ARTICLE{Klein2016,
       author = {{Klein}, Antoine and {Barausse}, Enrico and {Sesana}, Alberto and {Petiteau}, Antoine and {Berti}, Emanuele and {Babak}, Stanislav and {Gair}, Jonathan and {Aoudia}, Sofiane and {Hinder}, Ian and {Ohme}, Frank and {Wardell}, Barry},
        title = "{Science with the space-based interferometer eLISA: Supermassive black hole binaries}",
      journal = {\prd},
     keywords = {General Relativity and Quantum Cosmology, Astrophysics - High Energy Astrophysical Phenomena},
         year = 2016,
        month = jan,
       volume = {93},
       number = {2},
          eid = {024003},
        pages = {024003},
          doi = {10.1103/PhysRevD.93.024003},
archivePrefix = {arXiv},
       eprint = {1511.05581},
 primaryClass = {gr-qc},
       adsurl = {https://ui.adsabs.harvard.edu/abs/2016PhRvD..93b4003K},
      adsnote = {Provided by the SAO/NASA Astrophysics Data System}
}



@ARTICLE{pala20,
       author = {{Pala}, A.~F. and {G{\"a}nsicke}, B.~T. and {Breedt}, E. and {Knigge}, C. and {Hermes}, J.~J. and {Gentile Fusillo}, N.~P. and {Hollands}, M.~A. and {Naylor}, T. and {Pelisoli}, I. and {Schreiber}, M.~R. and {Toonen}, S. and {Aungwerojwit}, A. and {Cukanovaite}, E. and {Dennihy}, E. and {Manser}, C.~J. and {Pretorius}, M.~L. and {Scaringi}, S. and {Toloza}, O.},
        title = "{A Volume-limited Sample of Cataclysmic Variables from Gaia DR2: Space Density and Population Properties}",
      journal = {\mnras},
     keywords = {stars: evolution, Hertzsprung-Russell and colour-magnitude diagrams, novae, cataclysmic variables, stars: statistics, Astrophysics - Solar and Stellar Astrophysics},
         year = 2020,
        month = may,
       volume = {494},
       number = {3},
        pages = {3799-3827},
          doi = {10.1093/mnras/staa764},
archivePrefix = {arXiv},
       eprint = {1907.13152},
 primaryClass = {astro-ph.SR},
       adsurl = {https://ui.adsabs.harvard.edu/abs/2020MNRAS.494.3799P},
      adsnote = {Provided by the SAO/NASA Astrophysics Data System}
}

@ARTICLE{gansicke09,
       author = {{G{\"a}nsicke}, B.~T. and {Dillon}, M. and {Southworth}, J. and {Thorstensen}, J.~R. and {Rodr{\'\i}guez-Gil}, P. and {Aungwerojwit}, A. and {Marsh}, T.~R. and {Szkody}, P. and {Barros}, S.~C.~C. and {Casares}, J. and {de Martino}, D. and {Groot}, P.~J. and {Hakala}, P. and {Kolb}, U. and {Littlefair}, S.~P. and {Mart{\'\i}nez-Pais}, I.~G. and {Nelemans}, G. and {Schreiber}, M.~R.},
        title = "{SDSS unveils a population of intrinsically faint cataclysmic variables at the minimum orbital period}",
      journal = {\mnras},
     keywords = {binaries: close, stars: dwarf novae, stars: evolution, novae, cataclysmic variables, stars: statistics, Astrophysics - Solar and Stellar Astrophysics, Astrophysics - Galaxy Astrophysics},
         year = 2009,
        month = aug,
       volume = {397},
       number = {4},
        pages = {2170-2188},
          doi = {10.1111/j.1365-2966.2009.15126.x},
archivePrefix = {arXiv},
       eprint = {0905.3476},
 primaryClass = {astro-ph.SR},
       adsurl = {https://ui.adsabs.harvard.edu/abs/2009MNRAS.397.2170G},
      adsnote = {Provided by the SAO/NASA Astrophysics Data System}
}



@ARTICLE{hernandez18,
       author = {{Hern{\'a}ndez Santisteban}, J.~V. and {Knigge}, C. and {Pretorius}, M.~L. and {Sullivan}, M. and {Warner}, B.},
        title = "{The space density of post-period minimum Cataclysmic Variables}",
      journal = {\mnras},
     keywords = {binaries: eclipsing, brown dwarfs, novae, cataclysmic variables, white dwarfs, Astrophysics - Solar and Stellar Astrophysics},
         year = 2018,
        month = jan,
       volume = {473},
       number = {3},
        pages = {3241-3250},
          doi = {10.1093/mnras/stx2296},
archivePrefix = {arXiv},
       eprint = {1708.09601},
 primaryClass = {astro-ph.SR},
       adsurl = {https://ui.adsabs.harvard.edu/abs/2018MNRAS.473.3241H},
      adsnote = {Provided by the SAO/NASA Astrophysics Data System}
}

@ARTICLE{knigge11,
       author = {{Knigge}, Christian and {Baraffe}, Isabelle and {Patterson}, Joseph},
        title = "{The Evolution of Cataclysmic Variables as Revealed by Their Donor Stars}",
      journal = {\apjs},
     keywords = {novae, cataclysmic variables, stars: fundamental parameters, Astrophysics - Solar and Stellar Astrophysics, Astrophysics - Astrophysics of Galaxies, Astrophysics - High Energy Astrophysical Phenomena},
         year = 2011,
        month = jun,
       volume = {194},
       number = {2},
          eid = {28},
        pages = {28},
          doi = {10.1088/0067-0049/194/2/28},
archivePrefix = {arXiv},
       eprint = {1102.2440},
 primaryClass = {astro-ph.SR},
       adsurl = {https://ui.adsabs.harvard.edu/abs/2011ApJS..194...28K},
      adsnote = {Provided by the SAO/NASA Astrophysics Data System}
}

@ARTICLE{paczynski83,
       author = {{Paczynski}, B. and {Sienkiewicz}, R.},
        title = "{The minimum period and the gap in periods of cataclysmic binaries}",
      journal = {\apj},
     keywords = {Binary Stars, Dwarf Stars, Gravitational Waves, Stellar Evolution, Stellar Gravitation, Variable Stars, Angular Momentum, Dwarf Novae, Hydrogen, Periodic Variations, Stellar Models, Stellar Winds, Astrophysics},
         year = 1983,
        month = may,
       volume = {268},
        pages = {825-831},
          doi = {10.1086/161004},
       adsurl = {https://ui.adsabs.harvard.edu/abs/1983ApJ...268..825P},
      adsnote = {Provided by the SAO/NASA Astrophysics Data System}
}

@ARTICLE{pretorius13,
       author = {{Pretorius}, Magaretha L. and {Knigge}, Christian and {Schwope}, Axel D.},
        title = "{The space density of magnetic cataclysmic variables}",
      journal = {\mnras},
     keywords = {methods: observational, methods: statistical, novae, cataclysmic variables, X-rays: binaries, Astrophysics - Solar and Stellar Astrophysics},
         year = 2013,
        month = jun,
       volume = {432},
       number = {1},
        pages = {570-583},
          doi = {10.1093/mnras/stt499},
archivePrefix = {arXiv},
       eprint = {1303.4270},
 primaryClass = {astro-ph.SR},
       adsurl = {https://ui.adsabs.harvard.edu/abs/2013MNRAS.432..570P},
      adsnote = {Provided by the SAO/NASA Astrophysics Data System}
}

@ARTICLE{schreiber16,
       author = {{Schreiber}, M.~R. and {Zorotovic}, M. and {Wijnen}, T.~P.~G.},
        title = "{Three in one go: consequential angular momentum loss can solve major problems of CV evolution}",
      journal = {\mnras},
     keywords = {binaries: close, novae, cataclysmic variables, white dwarfs, Astrophysics - Solar and Stellar Astrophysics},
         year = 2016,
        month = jan,
       volume = {455},
       number = {1},
        pages = {L16-L20},
          doi = {10.1093/mnrasl/slv144},
archivePrefix = {arXiv},
       eprint = {1510.04294},
 primaryClass = {astro-ph.SR},
       adsurl = {https://ui.adsabs.harvard.edu/abs/2016MNRAS.455L..16S},
      adsnote = {Provided by the SAO/NASA Astrophysics Data System}
}

@ARTICLE{steeghs07,
       author = {{Steeghs}, Danny and {Howell}, Steve B. and {Knigge}, Christian and {G{\"a}nsicke}, Boris T. and {Sion}, Edward M. and {Welsh}, William F.},
        title = "{Dynamical Constraints on the Component Masses of the Cataclysmic Variable WZ Sagittae}",
      journal = {\apj},
     keywords = {Stars: Binaries: General, Stars: Novae, Cataclysmic Variables, stars: individual (WZ Sge), Stars: White Dwarfs, Astrophysics},
         year = 2007,
        month = sep,
       volume = {667},
       number = {1},
        pages = {442-447},
          doi = {10.1086/520702},
archivePrefix = {arXiv},
       eprint = {0706.0987},
 primaryClass = {astro-ph},
       adsurl = {https://ui.adsabs.harvard.edu/abs/2007ApJ...667..442S},
      adsnote = {Provided by the SAO/NASA Astrophysics Data System}
}

@ARTICLE{kupfer18,
       author = {{Kupfer}, T. and {Korol}, V. and {Shah}, S. and {Nelemans}, G. and {Marsh}, T.~R. and {Ramsay}, G. and {Groot}, P.~J. and {Steeghs}, D.~T.~H. and {Rossi}, E.~M.},
        title = "{LISA verification binaries with updated distances from Gaia Data Release 2}",
      journal = {\mnras},
     keywords = {binaries: close, stars: distances, stars: individual: white dwarfs: AM CVns, Astrophysics - Solar and Stellar Astrophysics},
         year = 2018,
        month = oct,
       volume = {480},
       number = {1},
        pages = {302-309},
          doi = {10.1093/mnras/sty1545},
archivePrefix = {arXiv},
       eprint = {1805.00482},
 primaryClass = {astro-ph.SR},
       adsurl = {https://ui.adsabs.harvard.edu/abs/2018MNRAS.480..302K},
      adsnote = {Provided by the SAO/NASA Astrophysics Data System}
}

@ARTICLE{lisa17,
       author = {{Amaro-Seoane}, Pau and {Audley}, Heather and {Babak}, Stanislav and {Baker}, John and {Barausse}, Enrico and {Bender}, Peter and {Berti}, Emanuele and {Binetruy}, Pierre and {Born}, Michael and {Bortoluzzi}, Daniele and {Camp}, Jordan and {Caprini}, Chiara and {Cardoso}, Vitor and {Colpi}, Monica and {Conklin}, John and {Cornish}, Neil and {Cutler}, Curt and {Danzmann}, Karsten and {Dolesi}, Rita and {Ferraioli}, Luigi and {Ferroni}, Valerio and {Fitzsimons}, Ewan and {Gair}, Jonathan and {Gesa Bote}, Lluis and {Giardini}, Domenico and {Gibert}, Ferran and {Grimani}, Catia and {Halloin}, Hubert and {Heinzel}, Gerhard and {Hertog}, Thomas and {Hewitson}, Martin and {Holley-Bockelmann}, Kelly and {Hollington}, Daniel and {Hueller}, Mauro and {Inchauspe}, Henri and {Jetzer}, Philippe and {Karnesis}, Nikos and {Killow}, Christian and {Klein}, Antoine and {Klipstein}, Bill and {Korsakova}, Natalia and {Larson}, Shane L and {Livas}, Jeffrey and {Lloro}, Ivan and {Man}, Nary and {Mance}, Davor and {Martino}, Joseph and {Mateos}, Ignacio and {McKenzie}, Kirk and {McWilliams}, Sean T and {Miller}, Cole and {Mueller}, Guido and {Nardini}, Germano and {Nelemans}, Gijs and {Nofrarias}, Miquel and {Petiteau}, Antoine and {Pivato}, Paolo and {Plagnol}, Eric and {Porter}, Ed and {Reiche}, Jens and {Robertson}, David and {Robertson}, Norna and {Rossi}, Elena and {Russano}, Giuliana and {Schutz}, Bernard and {Sesana}, Alberto and {Shoemaker}, David and {Slutsky}, Jacob and {Sopuerta}, Carlos F. and {Sumner}, Tim and {Tamanini}, Nicola and {Thorpe}, Ira and {Troebs}, Michael and {Vallisneri}, Michele and {Vecchio}, Alberto and {Vetrugno}, Daniele and {Vitale}, Stefano and {Volonteri}, Marta and {Wanner}, Gudrun and {Ward}, Harry and {Wass}, Peter and {Weber}, William and {Ziemer}, John and {Zweifel}, Peter},
        title = "{Laser Interferometer Space Antenna}",
      journal = {arXiv e-prints},
     keywords = {Astrophysics - Instrumentation and Methods for Astrophysics},
         year = 2017,
        month = feb,
          eid = {arXiv:1702.00786},
        pages = {arXiv:1702.00786},
          doi = {10.48550/arXiv.1702.00786},
archivePrefix = {arXiv},
       eprint = {1702.00786},
 primaryClass = {astro-ph.IM},
       adsurl = {https://ui.adsabs.harvard.edu/abs/2017arXiv170200786A},
      adsnote = {Provided by the SAO/NASA Astrophysics Data System}
}

@INPROCEEDINGS{mikolajewska03,
       author = {{Miko{\l}ajewska}, J.},
        title = "{Orbital and Stellar Parameters of Symbiotic Stars (invited review talks)}",
     keywords = {Astrophysics},
    booktitle = {Symbiotic Stars Probing Stellar Evolution},
         year = 2003,
       editor = {{Corradi}, R.~L.~M. and {Mikolajewska}, J. and {Mahoney}, T.~J.},
       series = {Astronomical Society of the Pacific Conference Series},
       volume = {303},
        month = jan,
        pages = {9},
          doi = {10.48550/arXiv.astro-ph/0210489},
archivePrefix = {arXiv},
       eprint = {astro-ph/0210489},
 primaryClass = {astro-ph},
       adsurl = {https://ui.adsabs.harvard.edu/abs/2003ASPC..303....9M},
      adsnote = {Provided by the SAO/NASA Astrophysics Data System}
}

@ARTICLE{kupfer23,
       author = {{Kupfer}, Thomas and {Korol}, Valeriya and {Littenberg}, Tyson B. and {Shah}, Sweta and {Savalle}, Etienne and {Groot}, Paul J. and {Marsh}, Thomas R. and {Le Jeune}, Maude and {Nelemans}, Gijs and {Petiteau}, Antoine and {Ramsay}, Gavin and {Steeghs}, Danny and {Babak}, Stanislav},
        title = "{LISA Galactic binaries with astrometry from Gaia DR3}",
      journal = {arXiv e-prints},
     keywords = {Astrophysics - Solar and Stellar Astrophysics, Astrophysics - High Energy Astrophysical Phenomena, General Relativity and Quantum Cosmology},
         year = 2023,
        month = feb,
          eid = {arXiv:2302.12719},
        pages = {arXiv:2302.12719},
          doi = {10.48550/arXiv.2302.12719},
archivePrefix = {arXiv},
       eprint = {2302.12719},
 primaryClass = {astro-ph.SR},
       adsurl = {https://ui.adsabs.harvard.edu/abs/2023arXiv230212719K},
      adsnote = {Provided by the SAO/NASA Astrophysics Data System}
}

@BOOK{warner,
       author = {{Warner}, Brian},
        title = "{Cataclysmic variable stars}",
         year = 1995,
       volume = {28},
       adsurl = {https://ui.adsabs.harvard.edu/abs/1995cvs..book.....W},
      adsnote = {Provided by the SAO/NASA Astrophysics Data System}
}

@ARTICLE{sion95,
       author = {{Sion}, Edward M. and {Cheng}, F.~H. and {Long}, Knox S. and {Szkody}, Paula and {Gilliland}, Ron L. and {Huang}, Min and {Hubeny}, Ivan},
        title = "{Hubble Space Telescope FOS Spectroscopy of the Ultrashort-Period Dwarf Nova WZ Sagittae: The Underlying Degenerate}",
      journal = {\apj},
     keywords = {Absorption Spectra, Abundance, Carbon, Cataclysmic Variables, Lyman Alpha Radiation, Novae, Spectroscopy, White Dwarf Stars, Faint Object Camera, Hubble Space Telescope, Metallicity, Photosphere, Spectrum Analysis, Stellar Composition, Stellar Envelopes, Astrophysics, STARS: INDIVIDUAL CONSTELLATION NAME: WZ SAGITTAE, STARS: NOVAE, CATACLYSMIC VARIABLES, STARS: WHITE DWARFS, ULTRAVIOLET: STARS},
         year = 1995,
        month = feb,
       volume = {439},
        pages = {957},
          doi = {10.1086/175232},
       adsurl = {https://ui.adsabs.harvard.edu/abs/1995ApJ...439..957S},
      adsnote = {Provided by the SAO/NASA Astrophysics Data System}
}

@ARTICLE{steeghs02,
       author = {{Steeghs}, Danny and {Howell}, Steve B. and {Knigge}, Christian and {G{\"a}nsicke}, Boris T. and {Sion}, Edward M. and {Welsh}, William F.},
        title = "{Dynamical Constraints on the Component Masses of the Cataclysmic Variable WZ Sagittae}",
      journal = {\apj},
     keywords = {Stars: Binaries: General, Stars: Novae, Cataclysmic Variables, stars: individual (WZ Sge), Stars: White Dwarfs, Astrophysics},
         year = 2007,
        month = sep,
       volume = {667},
       number = {1},
        pages = {442-447},
          doi = {10.1086/520702},
archivePrefix = {arXiv},
       eprint = {0706.0987},
 primaryClass = {astro-ph},
       adsurl = {https://ui.adsabs.harvard.edu/abs/2007ApJ...667..442S},
      adsnote = {Provided by the SAO/NASA Astrophysics Data System}
}

@ARTICLE{patterson81,
       author = {{Patterson}, J. and {McGraw}, J.~T. and {Coleman}, L. and {Africano}, J.~L.},
        title = "{A photometric study of the dwarf nova WZ SGE in outburst.}",
      journal = {\apj},
     keywords = {Light Curve, Novae, Stellar Evolution, Stellar Mass Accretion, Stellar Spectrophotometry, White Dwarf Stars, Binary Stars, Mass Transfer, Orbital Mechanics, Spectrum Analysis, Stellar Luminosity, Stellar Motions, Astronomy},
         year = 1981,
        month = sep,
       volume = {248},
        pages = {1067-1075},
          doi = {10.1086/159236},
       adsurl = {https://ui.adsabs.harvard.edu/abs/1981ApJ...248.1067P},
      adsnote = {Provided by the SAO/NASA Astrophysics Data System}
}

@ARTICLE{gaiaDR3,
       author = {{Gaia Collaboration} and {Brown}, A.~G.~A. and {Vallenari}, A. and {Prusti}, T. and {de Bruijne}, J.~H.~J. and {Babusiaux}, C. and {Biermann}, M. and {Creevey}, O.~L. and {Evans}, D.~W. and {Eyer}, L. and {Hutton}, A. and {Jansen}, F. and {Jordi}, C. and {Klioner}, S.~A. and {Lammers}, U. and {Lindegren}, L. and {Luri}, X. and {Mignard}, F. and {Panem}, C. and {Pourbaix}, D. and {Randich}, S. and {Sartoretti}, P. and {Soubiran}, C. and {Walton}, N.~A. and {Arenou}, F. and {Bailer-Jones}, C.~A.~L. and {Bastian}, U. and {Cropper}, M. and {Drimmel}, R. and {Katz}, D. and {Lattanzi}, M.~G. and {van Leeuwen}, F. and {Bakker}, J. and {Cacciari}, C. and {Casta{\~n}eda}, J. and {De Angeli}, F. and {Ducourant}, C. and {Fabricius}, C. and {Fouesneau}, M. and {Fr{\'e}mat}, Y. and {Guerra}, R. and {Guerrier}, A. and {Guiraud}, J. and {Jean-Antoine Piccolo}, A. and {Masana}, E. and {Messineo}, R. and {Mowlavi}, N. and {Nicolas}, C. and {Nienartowicz}, K. and {Pailler}, F. and {Panuzzo}, P. and {Riclet}, F. and {Roux}, W. and {Seabroke}, G.~M. and {Sordo}, R. and {Tanga}, P. and {Th{\'e}venin}, F. and {Gracia-Abril}, G. and {Portell}, J. and {Teyssier}, D. and {Altmann}, M. and {Andrae}, R. and {Bellas-Velidis}, I. and {Benson}, K. and {Berthier}, J. and {Blomme}, R. and {Brugaletta}, E. and {Burgess}, P.~W. and {Busso}, G. and {Carry}, B. and {Cellino}, A. and {Cheek}, N. and {Clementini}, G. and {Damerdji}, Y. and {Davidson}, M. and {Delchambre}, L. and {Dell'Oro}, A. and {Fern{\'a}ndez-Hern{\'a}ndez}, J. and {Galluccio}, L. and {Garc{\'\i}a-Lario}, P. and {Garcia-Reinaldos}, M. and {Gonz{\'a}lez-N{\'u}{\~n}ez}, J. and {Gosset}, E. and {Haigron}, R. and {Halbwachs}, J. -L. and {Hambly}, N.~C. and {Harrison}, D.~L. and {Hatzidimitriou}, D. and {Heiter}, U. and {Hern{\'a}ndez}, J. and {Hestroffer}, D. and {Hodgkin}, S.~T. and {Holl}, B. and {Jan{\ss}en}, K. and {Jevardat de Fombelle}, G. and {Jordan}, S. and {Krone-Martins}, A. and {Lanzafame}, A.~C. and {L{\"o}ffler}, W. and {Lorca}, A. and {Manteiga}, M. and {Marchal}, O. and {Marrese}, P.~M. and {Moitinho}, A. and {Mora}, A. and {Muinonen}, K. and {Osborne}, P. and {Pancino}, E. and {Pauwels}, T. and {Petit}, J. -M. and {Recio-Blanco}, A. and {Richards}, P.~J. and {Riello}, M. and {Rimoldini}, L. and {Robin}, A.~C. and {Roegiers}, T. and {Rybizki}, J. and {Sarro}, L.~M. and {Siopis}, C. and {Smith}, M. and {Sozzetti}, A. and {Ulla}, A. and {Utrilla}, E. and {van Leeuwen}, M. and {van Reeven}, W. and {Abbas}, U. and {Abreu Aramburu}, A. and {Accart}, S. and {Aerts}, C. and {Aguado}, J.~J. and {Ajaj}, M. and {Altavilla}, G. and {{\'A}lvarez}, M.~A. and {{\'A}lvarez Cid-Fuentes}, J. and {Alves}, J. and {Anderson}, R.~I. and {Anglada Varela}, E. and {Antoja}, T. and {Audard}, M. and {Baines}, D. and {Baker}, S.~G. and {Balaguer-N{\'u}{\~n}ez}, L. and {Balbinot}, E. and {Balog}, Z. and {Barache}, C. and {Barbato}, D. and {Barros}, M. and {Barstow}, M.~A. and {Bartolom{\'e}}, S. and {Bassilana}, J. -L. and {Bauchet}, N. and {Baudesson-Stella}, A. and {Becciani}, U. and {Bellazzini}, M. and {Bernet}, M. and {Bertone}, S. and {Bianchi}, L. and {Blanco-Cuaresma}, S. and {Boch}, T. and {Bombrun}, A. and {Bossini}, D. and {Bouquillon}, S. and {Bragaglia}, A. and {Bramante}, L. and {Breedt}, E. and {Bressan}, A. and {Brouillet}, N. and {Bucciarelli}, B. and {Burlacu}, A. and {Busonero}, D. and {Butkevich}, A.~G. and {Buzzi}, R. and {Caffau}, E. and {Cancelliere}, R. and {C{\'a}novas}, H. and {Cantat-Gaudin}, T. and {Carballo}, R. and {Carlucci}, T. and {Carnerero}, M.~I. and {Carrasco}, J.~M. and {Casamiquela}, L. and {Castellani}, M. and {Castro-Ginard}, A. and {Castro Sampol}, P. and {Chaoul}, L. and {Charlot}, P. and {Chemin}, L. and {Chiavassa}, A. and {Cioni}, M. -R.~L. and {Comoretto}, G. and {Cooper}, W.~J. and {Cornez}, T. and {Cowell}, S. and {Crifo}, F. and {Crosta}, M. and {Crowley}, C. and {Dafonte}, C. and {Dapergolas}, A. and {David}, M. and {David}, P. and {de Laverny}, P. and {De Luise}, F. and {De March}, R. and {De Ridder}, J. and {de Souza}, R. and {de Teodoro}, P. and {de Torres}, A. and {del Peloso}, E.~F. and {del Pozo}, E. and {Delbo}, M. and {Delgado}, A. and {Delgado}, H.~E. and {Delisle}, J. -B. and {Di Matteo}, P. and {Diakite}, S. and {Diener}, C. and {Distefano}, E. and {Dolding}, C. and {Eappachen}, D. and {Edvardsson}, B. and {Enke}, H. and {Esquej}, P. and {Fabre}, C. and {Fabrizio}, M. and {Faigler}, S. and {Fedorets}, G. and {Fernique}, P. and {Fienga}, A. and {Figueras}, F. and {Fouron}, C. and {Fragkoudi}, F. and {Fraile}, E. and {Franke}, F. and {Gai}, M. and {Garabato}, D. and {Garcia-Gutierrez}, A. and {Garc{\'\i}a-Torres}, M. and {Garofalo}, A. and {Gavras}, P. and {Gerlach}, E. and {Geyer}, R. and {Giacobbe}, P. and {Gilmore}, G. and {Girona}, S. and {Giuffrida}, G. and {Gomel}, R. and {Gomez}, A. and {Gonzalez-Santamaria}, I. and {Gonz{\'a}lez-Vidal}, J.~J. and {Granvik}, M. and {Guti{\'e}rrez-S{\'a}nchez}, R. and {Guy}, L.~P. and {Hauser}, M. and {Haywood}, M. and {Helmi}, A. and {Hidalgo}, S.~L. and {Hilger}, T. and {H{\l}adczuk}, N. and {Hobbs}, D. and {Holland}, G. and {Huckle}, H.~E. and {Jasniewicz}, G. and {Jonker}, P.~G. and {Juaristi Campillo}, J. and {Julbe}, F. and {Karbevska}, L. and {Kervella}, P. and {Khanna}, S. and {Kochoska}, A. and {Kontizas}, M. and {Kordopatis}, G. and {Korn}, A.~J. and {Kostrzewa-Rutkowska}, Z. and {Kruszy{\'n}ska}, K. and {Lambert}, S. and {Lanza}, A.~F. and {Lasne}, Y. and {Le Campion}, J. -F. and {Le Fustec}, Y. and {Lebreton}, Y. and {Lebzelter}, T. and {Leccia}, S. and {Leclerc}, N. and {Lecoeur-Taibi}, I. and {Liao}, S. and {Licata}, E. and {Lindstr{\o}m}, E.~P. and {Lister}, T.~A. and {Livanou}, E. and {Lobel}, A. and {Madrero Pardo}, P. and {Managau}, S. and {Mann}, R.~G. and {Marchant}, J.~M. and {Marconi}, M. and {Marcos Santos}, M.~M.~S. and {Marinoni}, S. and {Marocco}, F. and {Marshall}, D.~J. and {Martin Polo}, L. and {Mart{\'\i}n-Fleitas}, J.~M. and {Masip}, A. and {Massari}, D. and {Mastrobuono-Battisti}, A. and {Mazeh}, T. and {McMillan}, P.~J. and {Messina}, S. and {Michalik}, D. and {Millar}, N.~R. and {Mints}, A. and {Molina}, D. and {Molinaro}, R. and {Moln{\'a}r}, L. and {Montegriffo}, P. and {Mor}, R. and {Morbidelli}, R. and {Morel}, T. and {Morris}, D. and {Mulone}, A.~F. and {Munoz}, D. and {Muraveva}, T. and {Murphy}, C.~P. and {Musella}, I. and {Noval}, L. and {Ord{\'e}novic}, C. and {Orr{\`u}}, G. and {Osinde}, J. and {Pagani}, C. and {Pagano}, I. and {Palaversa}, L. and {Palicio}, P.~A. and {Panahi}, A. and {Pawlak}, M. and {Pe{\~n}alosa Esteller}, X. and {Penttil{\"a}}, A. and {Piersimoni}, A.~M. and {Pineau}, F. -X. and {Plachy}, E. and {Plum}, G. and {Poggio}, E. and {Poretti}, E. and {Poujoulet}, E. and {Pr{\v{s}}a}, A. and {Pulone}, L. and {Racero}, E. and {Ragaini}, S. and {Rainer}, M. and {Raiteri}, C.~M. and {Rambaux}, N. and {Ramos}, P. and {Ramos-Lerate}, M. and {Re Fiorentin}, P. and {Regibo}, S. and {Reyl{\'e}}, C. and {Ripepi}, V. and {Riva}, A. and {Rixon}, G. and {Robichon}, N. and {Robin}, C. and {Roelens}, M. and {Rohrbasser}, L. and {Romero-G{\'o}mez}, M. and {Rowell}, N. and {Royer}, F. and {Rybicki}, K.~A. and {Sadowski}, G. and {Sagrist{\`a} Sell{\'e}s}, A. and {Sahlmann}, J. and {Salgado}, J. and {Salguero}, E. and {Samaras}, N. and {Sanchez Gimenez}, V. and {Sanna}, N. and {Santove{\~n}a}, R. and {Sarasso}, M. and {Schultheis}, M. and {Sciacca}, E. and {Segol}, M. and {Segovia}, J.~C. and {S{\'e}gransan}, D. and {Semeux}, D. and {Shahaf}, S. and {Siddiqui}, H.~I. and {Siebert}, A. and {Siltala}, L. and {Slezak}, E. and {Smart}, R.~L. and {Solano}, E. and {Solitro}, F. and {Souami}, D. and {Souchay}, J. and {Spagna}, A. and {Spoto}, F. and {Steele}, I.~A. and {Steidelm{\"u}ller}, H. and {Stephenson}, C.~A. and {S{\"u}veges}, M. and {Szabados}, L. and {Szegedi-Elek}, E. and {Taris}, F. and {Tauran}, G. and {Taylor}, M.~B. and {Teixeira}, R. and {Thuillot}, W. and {Tonello}, N. and {Torra}, F. and {Torra}, J. and {Turon}, C. and {Unger}, N. and {Vaillant}, M. and {van Dillen}, E. and {Vanel}, O. and {Vecchiato}, A. and {Viala}, Y. and {Vicente}, D. and {Voutsinas}, S. and {Weiler}, M. and {Wevers}, T. and {Wyrzykowski}, {\L}. and {Yoldas}, A. and {Yvard}, P. and {Zhao}, H. and {Zorec}, J. and {Zucker}, S. and {Zurbach}, C. and {Zwitter}, T.},
        title = "{Gaia Early Data Release 3. Summary of the contents and survey properties}",
      journal = {\aap},
     keywords = {catalogs, astrometry, parallaxes, proper motions, techniques: photometric, techniques: radial velocities, Astrophysics - Astrophysics of Galaxies},
         year = 2021,
        month = may,
       volume = {649},
          eid = {A1},
        pages = {A1},
          doi = {10.1051/0004-6361/202039657},
archivePrefix = {arXiv},
       eprint = {2012.01533},
 primaryClass = {astro-ph.GA},
       adsurl = {https://ui.adsabs.harvard.edu/abs/2021A&A...649A...1G},
      adsnote = {Provided by the SAO/NASA Astrophysics Data System}
}

@ARTICLE{korol22,
       author = {{Korol}, Valeriya and {Belokurov}, Vasily and {Toonen}, Silvia},
        title = "{A gap in the double white dwarf separation distribution caused by the common-envelope evolution: astrometric evidence from Gaia}",
      journal = {\mnras},
     keywords = {astrometry, binaries: close, stars: evolution, Hertzsprung-Russell and colour-magnitude diagrams, white dwarfs, Astrophysics - Solar and Stellar Astrophysics, Astrophysics - Astrophysics of Galaxies, Astrophysics - High Energy Astrophysical Phenomena},
         year = 2022,
        month = sep,
       volume = {515},
       number = {1},
        pages = {1228-1246},
          doi = {10.1093/mnras/stac1686},
archivePrefix = {arXiv},
       eprint = {2203.03659},
 primaryClass = {astro-ph.SR},
       adsurl = {https://ui.adsabs.harvard.edu/abs/2022MNRAS.515.1228K},
      adsnote = {Provided by the SAO/NASA Astrophysics Data System}
}

@ARTICLE{HBW90,
       author = {{Hils}, D. and {Bender}, P.~L. and {Webbink}, R.~F.},
        title = "{Gravitational Radiation from the Galaxy}",
      journal = {\apj},
     keywords = {Gravitational Effects, Gravitational Waves, Milky Way Galaxy, Stellar Evolution, Binary Stars, Black Holes (Astronomy), Cataclysmic Variables, Neutron Stars, White Dwarf Stars, Astrophysics, GALAXIES: THE GALAXY, GRAVITATION, STARS: BINARIES, STARS: WHITE DWARFS},
         year = 1990,
        month = sep,
       volume = {360},
        pages = {75},
          doi = {10.1086/169098},
       adsurl = {https://ui.adsabs.harvard.edu/abs/1990ApJ...360...75H},
      adsnote = {Provided by the SAO/NASA Astrophysics Data System}
}

@ARTICLE{MAA00,
       author = {{Meliani}, M.~T. and {de Araujo}, J.~C.~N. and {Aguiar}, O.~D.},
        title = "{Cataclysmic variables as sources of gravitational waves}",
      journal = {\aap},
     keywords = {GRAVITATIONAL WAVES, STARS: NOVAE, CATACLYSMIC VARIABLES, Astrophysics, General Relativity and Quantum Cosmology},
         year = 2000,
        month = jun,
       volume = {358},
        pages = {417-424},
          doi = {10.48550/arXiv.astro-ph/0004406},
archivePrefix = {arXiv},
       eprint = {astro-ph/0004406},
 primaryClass = {astro-ph},
       adsurl = {https://ui.adsabs.harvard.edu/abs/2000A&A...358..417M},
      adsnote = {Provided by the SAO/NASA Astrophysics Data System}
}

@ARTICLE{knigge06,
       author = {{Knigge}, Christian},
        title = "{The donor stars of cataclysmic variables}",
      journal = {\mnras},
     keywords = {Astrophysics},
         year = 2006,
        month = dec,
       volume = {373},
       number = {2},
        pages = {484-502},
          doi = {10.1111/j.1365-2966.2006.11096.x},
archivePrefix = {arXiv},
       eprint = {astro-ph/0609671},
 primaryClass = {astro-ph},
       adsurl = {https://ui.adsabs.harvard.edu/abs/2006MNRAS.373..484K},
      adsnote = {Provided by the SAO/NASA Astrophysics Data System}
}

@ARTICLE{savoury11,
       author = {{Savoury}, C.~D.~J. and {Littlefair}, S.~P. and {Dhillon}, V.~S. and {Marsh}, T.~R. and {G{\"a}nsicke}, B.~T. and {Copperwheat}, C.~M. and {Kerry}, P. and {Hickman}, R.~D.~G. and {Parsons}, S.~G.},
        title = "{Cataclysmic variables below the period gap: mass determinations of 14 eclipsing systems}",
      journal = {\mnras},
     keywords = {binaries: close, binaries: eclipsing, stars: evolution, stars: low-mass, novae, cataclysmic variables, Astrophysics - Solar and Stellar Astrophysics},
         year = 2011,
        month = aug,
       volume = {415},
       number = {3},
        pages = {2025-2041},
          doi = {10.1111/j.1365-2966.2011.18707.x},
archivePrefix = {arXiv},
       eprint = {1103.2713},
 primaryClass = {astro-ph.SR},
       adsurl = {https://ui.adsabs.harvard.edu/abs/2011MNRAS.415.2025S},
      adsnote = {Provided by the SAO/NASA Astrophysics Data System}
}

@ARTICLE{nelemans01,
       author = {{Nelemans}, G. and {Yungelson}, L.~R. and {Portegies Zwart}, S.~F.},
        title = "{The gravitational wave signal from the Galactic disk population of binaries containing two compact objects}",
      journal = {\aap},
     keywords = {GRAVITATIONAL WAVES, STARS: STATISTICS, BINARIES: CLOSE, GALAXY: STELLAR CONTENT, Astrophysics},
         year = 2001,
        month = sep,
       volume = {375},
        pages = {890-898},
          doi = {10.1051/0004-6361:20010683},
archivePrefix = {arXiv},
       eprint = {astro-ph/0105221},
 primaryClass = {astro-ph},
       adsurl = {https://ui.adsabs.harvard.edu/abs/2001A&A...375..890N},
      adsnote = {Provided by the SAO/NASA Astrophysics Data System}
}

@ARTICLE{ruiter10,
       author = {{Ruiter}, Ashley J. and {Belczynski}, Krzysztof and {Benacquista}, Matthew and {Larson}, Shane L. and {Williams}, Gabriel},
        title = "{The LISA Gravitational Wave Foreground: A Study of Double White Dwarfs}",
      journal = {\apj},
     keywords = {binaries: close, gravitation, gravitational waves, stars: evolution, white dwarfs, Astrophysics},
         year = 2010,
        month = jul,
       volume = {717},
       number = {2},
        pages = {1006-1021},
          doi = {10.1088/0004-637X/717/2/1006},
archivePrefix = {arXiv},
       eprint = {0705.3272},
 primaryClass = {astro-ph},
       adsurl = {https://ui.adsabs.harvard.edu/abs/2010ApJ...717.1006R},
      adsnote = {Provided by the SAO/NASA Astrophysics Data System}
}

@ARTICLE{nissanke12,
       author = {{Nissanke}, Samaya and {Vallisneri}, Michele and {Nelemans}, Gijs and {Prince}, Thomas A.},
        title = "{Gravitational-wave Emission from Compact Galactic Binaries}",
      journal = {\apj},
     keywords = {binaries: close, Galaxy: general, gravitational waves, methods: data analysis, white dwarfs, Astrophysics - Astrophysics of Galaxies, Astrophysics - Solar and Stellar Astrophysics, General Relativity and Quantum Cosmology},
         year = 2012,
        month = oct,
       volume = {758},
       number = {2},
          eid = {131},
        pages = {131},
          doi = {10.1088/0004-637X/758/2/131},
archivePrefix = {arXiv},
       eprint = {1201.4613},
 primaryClass = {astro-ph.GA},
       adsurl = {https://ui.adsabs.harvard.edu/abs/2012ApJ...758..131N},
      adsnote = {Provided by the SAO/NASA Astrophysics Data System}
}

@ARTICLE{korol17,
       author = {{Korol}, Valeriya and {Rossi}, Elena M. and {Groot}, Paul J. and {Nelemans}, Gijs and {Toonen}, Silvia and {Brown}, Anthony G.~A.},
        title = "{Prospects for detection of detached double white dwarf binaries with Gaia, LSST and LISA}",
      journal = {\mnras},
     keywords = {gravitational waves, binaries: close, binaries: eclipsing - white dwarfs, Astrophysics - High Energy Astrophysical Phenomena},
         year = 2017,
        month = sep,
       volume = {470},
       number = {2},
        pages = {1894-1910},
          doi = {10.1093/mnras/stx1285},
archivePrefix = {arXiv},
       eprint = {1703.02555},
 primaryClass = {astro-ph.HE},
       adsurl = {https://ui.adsabs.harvard.edu/abs/2017MNRAS.470.1894K},
      adsnote = {Provided by the SAO/NASA Astrophysics Data System}
}

@ARTICLE{lamberts19,
       author = {{Lamberts}, Astrid and {Blunt}, Sarah and {Littenberg}, Tyson B. and {Garrison-Kimmel}, Shea and {Kupfer}, Thomas and {Sanderson}, Robyn E.},
        title = "{Predicting the LISA white dwarf binary population in the Milky Way with cosmological simulations}",
      journal = {\mnras},
     keywords = {gravitational waves, binaries: close, white dwarfs, Galaxy: stellar content, Astrophysics - High Energy Astrophysical Phenomena, General Relativity and Quantum Cosmology},
         year = 2019,
        month = dec,
       volume = {490},
       number = {4},
        pages = {5888-5903},
          doi = {10.1093/mnras/stz2834},
archivePrefix = {arXiv},
       eprint = {1907.00014},
 primaryClass = {astro-ph.HE},
       adsurl = {https://ui.adsabs.harvard.edu/abs/2019MNRAS.490.5888L},
      adsnote = {Provided by the SAO/NASA Astrophysics Data System}
}


@ARTICLE{thiele2023,
       author = {{Thiele}, Sarah and {Breivik}, Katelyn and {Sanderson}, Robyn E. and {Luger}, Rodrigo},
        title = "{Applying the Metallicity-dependent Binary Fraction to Double White Dwarf Formation: Implications for LISA}",
      journal = {\apj},
     keywords = {Gravitational wave sources, White dwarf stars, Close binary stars, Stellar evolution, 677, 1799, 254, 1599, Astrophysics - High Energy Astrophysical Phenomena, Astrophysics - Astrophysics of Galaxies, Astrophysics - Solar and Stellar Astrophysics, General Relativity and Quantum Cosmology},
         year = 2023,
        month = mar,
       volume = {945},
       number = {2},
          eid = {162},
        pages = {162},
          doi = {10.3847/1538-4357/aca7be},
archivePrefix = {arXiv},
       eprint = {2111.13700},
 primaryClass = {astro-ph.HE},
       adsurl = {https://ui.adsabs.harvard.edu/abs/2023ApJ...945..162T},
      adsnote = {Provided by the SAO/NASA Astrophysics Data System}
}



@ARTICLE{breivik2020b,
       author = {{Breivik}, Katelyn and {Mingarelli}, Chiara M.~F. and {Larson}, Shane L.},
        title = "{Constraining Galactic Structure with the LISA White Dwarf Foreground}",
      journal = {\apj},
     keywords = {Galaxy disks, Galaxy dynamics, Gravitational wave astronomy, White dwarf stars, Stellar populations, 589, 591, 675, 1799, 1622, Astrophysics - Astrophysics of Galaxies, General Relativity and Quantum Cosmology},
         year = 2020,
        month = sep,
       volume = {901},
       number = {1},
          eid = {4},
        pages = {4},
          doi = {10.3847/1538-4357/abab99},
archivePrefix = {arXiv},
       eprint = {1912.02200},
 primaryClass = {astro-ph.GA},
       adsurl = {https://ui.adsabs.harvard.edu/abs/2020ApJ...901....4B},
      adsnote = {Provided by the SAO/NASA Astrophysics Data System}
}



@ARTICLE{breivik20a,
       author = {{Breivik}, Katelyn and {Coughlin}, Scott and {Zevin}, Michael and {Rodriguez}, Carl L. and {Kremer}, Kyle and {Ye}, Claire S. and {Andrews}, Jeff J. and {Kurkowski}, Michael and {Digman}, Matthew C. and {Larson}, Shane L. and {Rasio}, Frederic A.},
        title = "{COSMIC Variance in Binary Population Synthesis}",
      journal = {\apj},
     keywords = {Compact binary stars, Interacting binary stars, Stellar populations, Gravitational wave astronomy, 283, 801, 1622, 675, Astrophysics - High Energy Astrophysical Phenomena, Astrophysics - Solar and Stellar Astrophysics},
         year = 2020,
        month = jul,
       volume = {898},
       number = {1},
          eid = {71},
        pages = {71},
          doi = {10.3847/1538-4357/ab9d85},
archivePrefix = {arXiv},
       eprint = {1911.00903},
 primaryClass = {astro-ph.HE},
       adsurl = {https://ui.adsabs.harvard.edu/abs/2020ApJ...898...71B},
      adsnote = {Provided by the SAO/NASA Astrophysics Data System}
}

@ARTICLE{carter13,
       author = {{Carter}, P.~J. and {Marsh}, T.~R. and {Steeghs}, D. and {Groot}, P.~J. and {Nelemans}, G. and {Levitan}, D. and {Rau}, A. and {Copperwheat}, C.~M. and {Kupfer}, T. and {Roelofs}, G.~H.~A.},
        title = "{A search for the hidden population of AM CVn binaries in the Sloan Digital Sky Survey}",
      journal = {\mnras},
     keywords = {accretion, accretion discs, binaries: close, novae, cataclysmic variables, stars: individual: SDSS J104325.08+563258.1, stars: individual: SDSS J173047.59+554518.5, white dwarfs, Astrophysics - Solar and Stellar Astrophysics},
         year = 2013,
        month = mar,
       volume = {429},
       number = {3},
        pages = {2143-2160},
          doi = {10.1093/mnras/sts485},
archivePrefix = {arXiv},
       eprint = {1211.6439},
 primaryClass = {astro-ph.SR},
       adsurl = {https://ui.adsabs.harvard.edu/abs/2013MNRAS.429.2143C},
      adsnote = {Provided by the SAO/NASA Astrophysics Data System}
}

@ARTICLE{LEGWORK_apjs,
    author = {{Wagg}, T. and {Breivik}, K. and {de Mink}, S.~E.},
    title = "{LEGWORK: A Python Package for Computing the Evolution and Detectability of Stellar-origin Gravitational-wave Sources with Space-based Detectors}",
    journal = {\apjs},
    keywords = {Open source software, Gravitational waves, Gravitational wave detectors, Compact objects, Orbital evolution, White dwarf stars, Neutron stars, Stellar mass black holes, 1866, 678, 676, 288, 1178, 1799, 1108, 1611, Astrophysics - High Energy Astrophysical Phenomena, General Relativity and Quantum Cosmology},
    year = 2022,
    month = jun,
    volume = {260},
    number = {2},
    eid = {52},
    pages = {52},
    doi = {10.3847/1538-4365/ac5c52},
    archivePrefix = {arXiv},
    eprint = {2111.08717},
    primaryClass = {astro-ph.HE},
    adsurl = {https://ui.adsabs.harvard.edu/abs/2022ApJS..260...52W},
    adsnote = {Provided by the SAO/NASA Astrophysics Data System}
}

@ARTICLE{LEGWORK_joss,
    author = {{Wagg}, Tom and {Breivik}, Katelyn and {de Mink}, Selma},
    title = "{LEGWORK: A python package for computing the evolution and detectability of stellar-origin gravitational-wave sources with space-based detectors}",
    journal = {The Journal of Open Source Software},
    keywords = {neutron stars, white dwarfs, TianQin, Python, stellar mass black holes, gravitational wave detectors, orbital evolution, compact objects, gravitational waves, LISA, astronomy},
    year = 2022,
    month = feb,
    volume = {7},
    number = {70},
    eid = {3998},
    pages = {3998},
    doi = {10.21105/joss.03998},
    adsurl = {https://ui.adsabs.harvard.edu/abs/2022JOSS....7.3998W},
    adsnote = {Provided by the SAO/NASA Astrophysics Data System}
}

@ARTICLE{luo16,
       author = {{Luo}, Jun and {Chen}, Li-Sheng and {Duan}, Hui-Zong and {Gong}, Yun-Gui and {Hu}, Shoucun and {Ji}, Jianghui and {Liu}, Qi and {Mei}, Jianwei and {Milyukov}, Vadim and {Sazhin}, Mikhail and {Shao}, Cheng-Gang and {Toth}, Viktor T. and {Tu}, Hai-Bo and {Wang}, Yamin and {Wang}, Yan and {Yeh}, Hsien-Chi and {Zhan}, Ming-Sheng and {Zhang}, Yonghe and {Zharov}, Vladimir and {Zhou}, Ze-Bing},
        title = "{TianQin: a space-borne gravitational wave detector}",
      journal = {Classical and Quantum Gravity},
     keywords = {Astrophysics - Instrumentation and Methods for Astrophysics, General Relativity and Quantum Cosmology},
         year = 2016,
        month = feb,
       volume = {33},
       number = {3},
          eid = {035010},
        pages = {035010},
          doi = {10.1088/0264-9381/33/3/035010},
archivePrefix = {arXiv},
       eprint = {1512.02076},
 primaryClass = {astro-ph.IM},
       adsurl = {https://ui.adsabs.harvard.edu/abs/2016CQGra..33c5010L},
      adsnote = {Provided by the SAO/NASA Astrophysics Data System}
}

@ARTICLE{harms21,
       author = {{Harms}, Jan and {Ambrosino}, Filippo and {Angelini}, Lorella and {Braito}, Valentina and {Branchesi}, Marica and {Brocato}, Enzo and {Cappellaro}, Enrico and {Coccia}, Eugenio and {Coughlin}, Michael and {Della Ceca}, Roberto and {Della Valle}, Massimo and {Dionisio}, Cesare and {Federico}, Costanzo and {Formisano}, Michelangelo and {Frigeri}, Alessandro and {Grado}, Aniello and {Izzo}, Luca and {Marcelli}, Augusto and {Maselli}, Andrea and {Olivieri}, Marco and {Pernechele}, Claudio and {Possenti}, Andrea and {Ronchini}, Samuele and {Serafinelli}, Roberto and {Severgnini}, Paola and {Agostini}, Maila and {Badaracco}, Francesca and {Bertolini}, Alessandro and {Betti}, Lorenzo and {Civitani}, Marta Maria and {Collette}, Christophe and {Covino}, Stefano and {Dall'Osso}, Simone and {D'Avanzo}, Paolo and {DeSalvo}, Riccardo and {Di Giovanni}, Matteo and {Focardi}, Mauro and {Giunchi}, Carlo and {van Heijningen}, Joris and {Khetan}, Nandita and {Melini}, Daniele and {Mitri}, Giuseppe and {Mow-Lowry}, Conor and {Naponiello}, Luca and {Noce}, Vladimiro and {Oganesyan}, Gor and {Pace}, Emanuele and {Paik}, Ho Jung and {Pajewski}, Alessandro and {Palazzi}, Eliana and {Pallavicini}, Marco and {Pareschi}, Giovanni and {Pozzobon}, Riccardo and {Sharma}, Ashish and {Spada}, Giorgio and {Stanga}, Ruggero and {Tagliaferri}, Gianpiero and {Votta}, Raffaele},
        title = "{Lunar Gravitational-wave Antenna}",
      journal = {\apj},
     keywords = {Gravitational waves, Lunar science, 678, 972, General Relativity and Quantum Cosmology, Astrophysics - Earth and Planetary Astrophysics, Astrophysics - Instrumentation and Methods for Astrophysics},
         year = 2021,
        month = mar,
       volume = {910},
       number = {1},
          eid = {1},
        pages = {1},
          doi = {10.3847/1538-4357/abe5a7},
archivePrefix = {arXiv},
       eprint = {2010.13726},
 primaryClass = {gr-qc},
       adsurl = {https://ui.adsabs.harvard.edu/abs/2021ApJ...910....1H},
      adsnote = {Provided by the SAO/NASA Astrophysics Data System}
}

@dataset{le_jeune_maude_2022_7132178,
  author       = {Le Jeune, Maude and
                  Babak, Stanislav},
  title        = {LISA Data Challenge Sangria (LDC2a)},
  month        = oct,
  year         = 2022,
  publisher    = {Zenodo},
  version      = {v2},
  doi          = {10.5281/zenodo.7132178},
  url          = {https://doi.org/10.5281/zenodo.7132178}
}

@ARTICLE{2021PhRvD.104d3019K,
       author = {{Karnesis}, Nikolaos and {Babak}, Stanislav and {Pieroni}, Mauro and {Cornish}, Neil and {Littenberg}, Tyson},
        title = "{Characterization of the stochastic signal originating from compact binary populations as measured by LISA}",
      journal = {\prd},
     keywords = {Astrophysics - Instrumentation and Methods for Astrophysics, Astrophysics - Astrophysics of Galaxies, General Relativity and Quantum Cosmology},
         year = 2021,
        month = aug,
       volume = {104},
       number = {4},
          eid = {043019},
        pages = {043019},
          doi = {10.1103/PhysRevD.104.043019},
archivePrefix = {arXiv},
       eprint = {2103.14598},
 primaryClass = {astro-ph.IM},
       adsurl = {https://ui.adsabs.harvard.edu/abs/2021PhRvD.104d3019K},
      adsnote = {Provided by the SAO/NASA Astrophysics Data System}
}

@ARTICLE{luger21,
    author = {{Luger}, Rodrigo and {Bedell}, Megan and {Foreman-Mackey}, Daniel and {Crossfield}, Ian J.~M. and {Zhao}, Lily L. and {Hogg}, David W.},
        title = "{Mapping stellar surfaces III: An Efficient, Scalable, and Open-Source Doppler Imaging Model}",
    journal = {arXiv e-prints},
    keywords = {Astrophysics - Solar and Stellar Astrophysics, Astrophysics - Earth and Planetary Astrophysics, Astrophysics - Instrumentation and Methods for Astrophysics},
        year = 2021,
        month = oct,
        eid = {arXiv:2110.06271},
        pages = {arXiv:2110.06271},
archivePrefix = {arXiv},
    eprint = {2110.06271},
primaryClass = {astro-ph.SR},
    adsurl = {https://ui.adsabs.harvard.edu/abs/2021arXiv211006271L},
    adsnote = {Provided by the SAO/NASA Astrophysics Data System}
}

@ARTICLE{burdge20,
       author = {{Burdge}, Kevin B. and {Prince}, Thomas A. and {Fuller}, Jim and {Kaplan}, David L. and {Marsh}, Thomas R. and {Tremblay}, Pier-Emmanuel and {Zhuang}, Zhuyun and {Bellm}, Eric C. and {Caiazzo}, Ilaria and {Coughlin}, Michael W. and {Dhillon}, Vik S. and {Gaensicke}, Boris and {Rodr{\'\i}guez-Gil}, Pablo and {Graham}, Matthew J. and {Hermes}, JJ and {Kupfer}, Thomas and {Littlefair}, S.~P. and {Mr{\'o}z}, Przemek and {Phinney}, E.~S. and {van Roestel}, Jan and {Yao}, Yuhan and {Dekany}, Richard G. and {Drake}, Andrew J. and {Duev}, Dmitry A. and {Hale}, David and {Feeney}, Michael and {Helou}, George and {Kaye}, Stephen and {Mahabal}, Ashish. A. and {Masci}, Frank J. and {Riddle}, Reed and {Smith}, Roger and {Soumagnac}, Maayane T. and {Kulkarni}, S.~R.},
        title = "{A Systematic Search of Zwicky Transient Facility Data for Ultracompact Binary LISA-detectable Gravitational-wave Sources}",
      journal = {\apj},
     keywords = {Compact binary stars, Close binary stars, Interacting binary stars, Eclipsing binary stars, Ellipsoidal variable stars, Gravitational wave sources, White dwarf stars, 283, 254, 801, 444, 455, 677, 1799, Astrophysics - Solar and Stellar Astrophysics, Astrophysics - High Energy Astrophysical Phenomena},
         year = 2020,
        month = dec,
       volume = {905},
       number = {1},
          eid = {32},
        pages = {32},
          doi = {10.3847/1538-4357/abc261},
archivePrefix = {arXiv},
       eprint = {2009.02567},
 primaryClass = {astro-ph.SR},
       adsurl = {https://ui.adsabs.harvard.edu/abs/2020ApJ...905...32B},
      adsnote = {Provided by the SAO/NASA Astrophysics Data System}
}

@article{PhysRevD.107.063004,
  title = {Prototype global analysis of LISA data with multiple source types},
  author = {Littenberg, Tyson B. and Cornish, Neil J.},
  journal = {Phys. Rev. D},
  volume = {107},
  issue = {6},
  pages = {063004},
  numpages = {21},
  year = {2023},
  month = {Mar},
  publisher = {American Physical Society},
  doi = {10.1103/PhysRevD.107.063004},
  url = {https://link.aps.org/doi/10.1103/PhysRevD.107.063004}
}
